<record xmlns:xsi="http://www.w3.org/2001/XMLSchema-instance" xmlns="http://www.loc.gov/MARC21/slim" xsi:schemaLocation="http://www.loc.gov/MARC21/slim http://www.loc.gov/standards/marcxml/schema/MARC21slim.xsd">

  <leader>00501nam a2200157Ia 4500</leader>
  <datafield ind2=" " ind1=" " tag="090">
    <subfield code="a">CD # 242</subfield>
  </datafield>
  <datafield ind2=" " ind1=" " tag="100">
    <subfield code="a">Almirón, Daniela Patricia</subfield>
  </datafield>
  <datafield ind2=" " ind1=" " tag="245">
    <subfield code="a">Mediación en lo público: acceso a justicia, gestión judicial, práctica de la mediación / </subfield>
    <subfield code="c">Daniela Patricia Almirón</subfield>
  </datafield>
  <datafield ind2=" " ind1=" " tag="260">
    <subfield code="a">Argentina : </subfield>
    <subfield code="b">Ediciones del Cedro, </subfield>
    <subfield code="c">2012</subfield>
  </datafield>
  <datafield ind1=" " tag="300" ind2=" ">
    <subfield code="a">1 disco compacto</subfield>
  </datafield>
  <datafield tag="650" ind1=" " ind2=" ">
    <subfield code="a">SOLUCION DE CONFLICTOS</subfield>
  </datafield>
  <datafield tag="650" ind1=" " ind2=" ">
    <subfield code="a">PODER JUDICIAL</subfield>
  </datafield>
  <datafield ind2=" " tag="650" ind1=" ">
    <subfield code="a">JUSTICIA SOCIAL</subfield>
  </datafield>
  <datafield ind1=" " tag="651" ind2=" ">
    <subfield code="a">ARGENTINA</subfield>
  </datafield>
  <datafield ind2=" " ind1=" " tag="942">
    <subfield code="p">001755</subfield>
  </datafield>
  <datafield tag="999" ind1=" " ind2=" ">
    <subfield code="c">2431</subfield>
    <subfield code="d">2431</subfield>
  </datafield>
</record>